<record><leader>00000cas a22000007a 4500</leader><controlfield tag="001">19818373</controlfield><controlfield tag="008">890605d18901891mouwr ne      0    0eng d</controlfield><datafield ind1=" " ind2=" " tag="010"><subfield code="a">sn 89066374 </subfield></datafield><datafield ind1=" " ind2=" " tag="040"><subfield code="a">MQN</subfield><subfield code="b">eng</subfield><subfield code="c">MQN</subfield><subfield code="d">OCLCQ</subfield></datafield><datafield ind1=" " ind2=" " tag="042"><subfield code="a">msc</subfield></datafield><datafield ind1="0" ind2=" " tag="130"><subfield code="a">Fayette banner (Fayette, Mo.)</subfield></datafield><datafield ind1="1" ind2="0" tag="245"><subfield code="a">Fayette banner.</subfield></datafield><datafield ind1=" " ind2=" " tag="260"><subfield code="a">Fayette, Howard County, Mo. :</subfield><subfield code="b">Wallace J. Davis</subfield></datafield><datafield ind1=" " ind2=" " tag="300"><subfield code="a">v.</subfield></datafield><datafield ind1=" " ind2=" " tag="310"><subfield code="a">Weekly</subfield></datafield><datafield ind1="1" ind2=" " tag="362"><subfield code="a">Began in 1890? Ceased in 1891?</subfield></datafield><datafield ind1=" " ind2=" " tag="588"><subfield code="a">Description based on: Vol. 2, no. 14 (Mar. 11, 1891).</subfield></datafield><datafield ind1=" " ind2="4" tag="651"><subfield code="a">Fayette (Mo.)</subfield><subfield code="v">Newspapers.</subfield></datafield><datafield ind1=" " ind2=" " tag="752"><subfield code="a">United States</subfield><subfield code="b">Missouri</subfield><subfield code="c">Howard</subfield><subfield code="d">Fayette.</subfield></datafield><datafield ind1="0" ind2="7" tag="785"><subfield code="t">Howard County democrat</subfield><subfield code="w">(DLC)sn 89066167</subfield></datafield><datafield ind1="0" ind2="7" tag="785"><subfield code="t">Democrat-banner</subfield><subfield code="w">(DLC)sn 89066375</subfield></datafield><datafield ind1="1" ind2=" " tag="029"><subfield code="a">AU@</subfield><subfield code="b">000020618246</subfield></datafield></record>